2480 4058
388 313 781 397 Durnonrrcrn
972 311 1026 421 63

166 505 331 614 sputi
345 485 544 584 assimiliter
560 497 723 584 colorata
741 497 921 586 tenuioris
935 523 1028 615 333-

156 614 357 710 fistentiae
349 622 502 719 nemini,
524 639 567 700 ut
581 641 688 726 pum,
704 617 827 702 vidiiie
844 624 1026 726 contigit,

157 742 287 820 omnia
303 740 441 847 quippe
455 733 565 816 huius
584 732 721 816 coloris
738 739 1013 842 nrucaginoi'a.

242 850 360 934 Ab
325 879 361 934 e
364 879 388 931 u
405 877 538 932 eorum
562 851 662 930 unde
685 846 816 957 pestus
833 850 1029 958 infrigida-

158 990 242 1068 tur,
271 964 426 1068 hordei,
455 963 606 1068 scilicet,
628 963 898 1074 &ponrorunu
916 968 1028 1086 hujus

150 1087 252 1194 sputi
266 1079 525 1166 exauttoraur
541 1085 669 1189 copia:
705 1081 915 1164 nsudorenr
936 1073 1029 1166 vern

159 1197 421 1299 fundentibus,
466 1224 487 1281 3
509 1202 715 1279 continenti
735 1198 1034 1280 medicamenta

159 1342 244 1410 nun
260 1315 526 1420 hydrargyrum
541 1318 797 1422 recipientium
813 1315 898 1416 usu,
935 1337 976 1398 ut
992 1313 1031 1398 iit

158 1431 295 1543 quibus
313 1428 412 1511 calor
429 1458 448 1511 3
465 1425 602 1512 morbo
619 1429 840 1514 diuturniori
855 1435 1031 1524 atteritur,

161 1545 347 1648 edaculis,
388 1547 591 1647 exercitiis,
639 1545 720 1626 ἃ
708 1551 855 1628 reiuniis
883 1545 1065 1648 deditis,-

159 1661 296 1776 quibus
321 1657 452 1768 petius
472 1659 593 1764 calet,
641 1683 703 1742 aut
734 1659 869 1772 quibus
891 1665 1032 1772 uepius

159 1780 369 1883 suffumigia
387 1777 629 1884 usurpantur,
650 1775 752 1859 haud
767 1783 953 1886 expuitur:
975 1779 1033 1861 its-

160 1923 236 2006 que
253 1921 354 1995 rara,
381 1913 445 1978 aut
460 1919 665 2004 numquam
679 1894 874 1995 acciderit,
897 1893 1032 2005 quibus

155 2009 292 2120 pestus
309 2011 393 2092 ruffi
419 2007 663 2120 frequentiori
686 2007 908 2108 succutitur3
937 2035 1033 2118 quae

157 2130 288 2210 narnia
319 2125 471 2208 huiusce
498 2121 636 2210 farinae
667 2127 770 2234 sputa
792 2152 812 2208 3
835 2124 957 2207 calore
970 2147 1034 2206 reu

161 2242 325 2326 miffiore
341 2243 480 2324 diutius
501 2239 631 2344 cotia,
660 2241 734 2322 &e
762 2237 915 2349 petiere
939 2239 1034 2323 tnui

162 2363 275 2440 toties
292 2354 560 2465 frigidiusculo,
583 2357 742 2440 flaccido
757 2357 922 2510 3333333333,
946 2383 1035 2466 pro·

162 2485 325 2556 ventura
330 2474 652 2556 contestantur
907 2535 910 2542 ,

248 2594 436 2672 Memoria
458 2591 570 2672 huius
603 2587 699 2697 sputi
723 2587 883 2696 suggerit
906 2611 1036 2672 euent-

162 2701 269 2814 pium
303 2705 491 2786 cuiusdam
520 2703 686 2787 mulieris
720 2707 867 2788 mediae
908 2711 1035 2788 aetatis

164 2849 254 2904 cuna
270 2815 472 2928 inrpluente
489 2823 677 2925 catarrho,
710 2821 815 2904 cuius
838 2819 912 2902 lien
928 2813 1035 2902 tettrk

161 2934 388 3044 ¹vaporibus
377 2959 427 3018 333
450 2935 610 3018 suffercit
633 2937 846 3039 cerebrum,
882 2957 924 3020 ut
947 2935 1036 3018 intie

163 3057 296 3163 quavis
311 3075 442 3134 aurora
463 3051 696 3134 destillaverit
719 3053 813 3162 sputi
833 3049 1036 3157 ferruginei
1098 3073 1101 3080 ·

55 3213 57 3216 ·
165 3171 284 3274 copia,
299 3164 462 3250 faucium
481 3169 580 3252 aestu
596 3169 644 3250 ad
660 3195 743 3251 eanr
735 3083 1036 3252 pconsistentiam

166 3279 286 3386 33633,
315 3305 357 3366 nt
373 3283 527 3368 telarum
550 3307 762 3367 aranearum
777 3283 944 3392 speciem
971 3285 1037 3368 ad·

166 3396 408 3502 umbraverit‚
436 3405 541 3481 cuius
557 3395 828 3506 portiunculam
848 3401 1038 3484 catarrhus

165 3513 331 3647 calidus
319 3520 527 3632 maneriae
555 3535 717 3624 purtem
717 3517 952 3625 superiorem
976 3518 1040 3599 aii·

834 3701 843 3724 ,
940 3632 1038 3744 qu'o
